<?xml version="1.0" encoding="UTF-8" ?><xb:digital_entity_call xmlns:xb="http://com/exlibris/digitool/repository/api/xmlbeans"><xb:digital_entity><pid>135103</pid><control><label>ren_BP14.pdf</label><note xsi:nil="true" xmlns:xsi="http://www.w3.org/2001/XMLSchema-instance"/><ingest_id>ing5382</ingest_id><ingest_name>ksp_inport</ingest_name><entity_type xsi:nil="true" xmlns:xsi="http://www.w3.org/2001/XMLSchema-instance"/><entity_group xsi:nil="true" xmlns:xsi="http://www.w3.org/2001/XMLSchema-instance"/><usage_type>VIEW</usage_type><preservation_level>any</preservation_level><partition_a xsi:nil="true" xmlns:xsi="http://www.w3.org/2001/XMLSchema-instance"/><partition_b xsi:nil="true" xmlns:xsi="http://www.w3.org/2001/XMLSchema-instance"/><partition_c xsi:nil="true" xmlns:xsi="http://www.w3.org/2001/XMLSchema-instance"/><status xsi:nil="true" xmlns:xsi="http://www.w3.org/2001/XMLSchema-instance"/><creation_date>2010-08-16 15:35:40</creation_date><creator>creator:DUVT</creator><modification_date>2019-05-17 10:26:41</modification_date><modified_by>super:DUVT</modified_by><admin_unit>DUR01</admin_unit></control><mds><md shared="false"><mid>2306089</mid><description> </description><name>descriptive</name><type>marc</type><value><![CDATA[<record xmlns="http://www.loc.gov/MARC21/slim" xmlns:xsi="http://www.w3.org/2001/XMLSchema-instance" xsi:schemaLocation="http://www.loc.gov/MARC21/slim http://www.loc.gov/standards/marcxml/schema/MARC21slim.xsd"><leader>02369ntm a2200433 i 4500</leader><controlfield tag="001">000578909</controlfield><controlfield tag="003">CZ PrCU</controlfield><controlfield tag="005">20100729143042.0</controlfield><controlfield tag="008">170331s2007    xr      r           cze d</controlfield><datafield tag="040" ind1=" " ind2=" "><subfield code="a">ABD107</subfield><subfield code="b">cze</subfield><subfield code="c">ABD107</subfield><subfield code="e">rda</subfield></datafield><datafield tag="100" ind1="1" ind2=" "><subfield code="a">Hyková, Eliška</subfield><subfield code="4">dis</subfield></datafield><datafield tag="245" ind1="1" ind2="0"><subfield code="a">Dostupnost sociálních služeb pro rodiny pečující o seniora na Semilsku /</subfield><subfield code="c">Eliška Hyková ; vedoucí práce Pavla Kodymová ; oponent práce Lada Kocourková</subfield></datafield><datafield tag="246" ind1="3" ind2="3"><subfield code="a">Availability of social services for families taking care of an eldery person in Semily region</subfield></datafield><datafield tag="300" ind1=" " ind2=" "><subfield code="a">51 s. :</subfield><subfield code="b">tab.</subfield></datafield><datafield tag="504" ind1=" " ind2=" "><subfield code="a">Obsahuje bibliografii</subfield></datafield><datafield tag="500" ind1=" " ind2=" "><subfield code="a">Datum obhajoby: 07-02-2007</subfield></datafield><datafield tag="502" ind1=" " ind2=" "><subfield code="a">Bakalářská práce (Bc.)--Univerzita Karlova. Filozofická fakulta, 2007</subfield></datafield><datafield tag="526" ind1="8" ind2=" "><subfield code="a">Sociální práce</subfield></datafield><datafield tag="526" ind1="8" ind2="1"><subfield code="a">Sociální politika a sociální práce</subfield></datafield><datafield tag="586" ind1=" " ind2=" "><subfield code="a">Výsledné hodnocení: Velmi dobře</subfield></datafield><datafield tag="520" ind1=" " ind2=" "><subfield code="a">Bakalářská práce se zabývá tématem stárnutí a péče o staré lidi v rodinném prostředí. Co rodinu k péči o seniora vede a jaká jsou úskalí této péče. Jaké potřeby senior má a jak mu rodina může pomoci je uspokojit. Dále jaké potřeby má rodina jako pečující subjekt. Praktická část se věnuje tomu, jaké konkrétní pomoci se rodinám pečujícím o seniora může dostat na Semilsku a jak jí využívají. Uvedeny jsou i právní předpisy týkající se této oblasti a na případech z praxe je názorně ukázáno jaké instituce pomoc poskytují a jak jí pečující využili.</subfield><subfield code="b">Plný text abstraktu naleznete v Repozitáři závěrečných prací UK</subfield><subfield code="8">cze</subfield></datafield><datafield tag="650" ind1="0" ind2="7"><subfield code="a">sociální služby</subfield><subfield code="7">ph125812</subfield><subfield code="x">analýza</subfield><subfield code="z">Semily-oblast (Česko)</subfield><subfield code="2">czenas</subfield></datafield><datafield tag="650" ind1="0" ind2="7"><subfield code="a">senioři</subfield><subfield code="7">ph117267</subfield><subfield code="x">sociální aspekty</subfield><subfield code="z">Semily-oblast (Česko)</subfield><subfield code="2">czenas</subfield></datafield><datafield tag="650" ind1="0" ind2="4"><subfield code="a">Bakalářské práce - KSP</subfield></datafield><datafield tag="650" ind1="0" ind2="4"><subfield code="a">FF KSP</subfield></datafield><datafield tag="651" ind1=" " ind2="7"><subfield code="a">Semily-oblast (Česko)</subfield><subfield code="7">ge130774</subfield><subfield code="x">sociální aspekty</subfield><subfield code="2">czenas</subfield></datafield><datafield tag="700" ind1="1" ind2=" "><subfield code="a">Kodymová, Pavla</subfield><subfield code="7">mzk2005286683</subfield><subfield code="4">ths</subfield></datafield><datafield tag="710" ind1="2" ind2=" "><subfield code="a">Univerzita Karlova.</subfield><subfield code="b">Katedra sociální práce</subfield><subfield code="7">xx0031848</subfield><subfield code="4">dgg</subfield></datafield><datafield tag="850" ind1=" " ind2=" "><subfield code="a">JIN</subfield></datafield><datafield tag="856" ind1="4" ind2="1"><subfield code="u">https://is.cuni.cz/webapps/zzp/detail/27497</subfield><subfield code="y">Zobrazení plného textu (Repozitář závěrečných prací UK)</subfield></datafield><datafield tag="264" ind1=" " ind2="0"><subfield code="c">2007</subfield></datafield><datafield tag="336" ind1=" " ind2=" "><subfield code="a">text</subfield><subfield code="b">txt</subfield><subfield code="2">rdacontent</subfield></datafield><datafield tag="337" ind1=" " ind2=" "><subfield code="a">počítač</subfield><subfield code="b">c</subfield><subfield code="2">rdamedia</subfield></datafield><datafield tag="338" ind1=" " ind2=" "><subfield code="a">online zdroj</subfield><subfield code="b">cr</subfield><subfield code="2">rdacarrier</subfield></datafield><datafield tag="910" ind1=" " ind2=" "><subfield code="a">ABD107</subfield></datafield><datafield tag="997" ind1=" " ind2=" "><subfield code="a">DS</subfield></datafield><datafield tag="988" ind1=" " ind2=" "><subfield code="a">ER</subfield></datafield><datafield tag="998" ind1=" " ind2=" "><subfield code="a">000578909</subfield></datafield><datafield tag="993" ind1=" " ind2="1"><subfield code="1">AUK</subfield><subfield code="2">VSPFF</subfield><subfield code="3">GB-17/06</subfield><subfield code="5">3255419503</subfield><subfield code="f">10</subfield><subfield code="h">Přístupné dle platných zákonů</subfield><subfield code="m">DISER</subfield><subfield code="w">000578909</subfield><subfield code="x">000010</subfield></datafield><datafield tag="SID" ind1=" " ind2=" "><subfield code="a">Z39</subfield><subfield code="b">CKS01</subfield></datafield><controlfield tag="FMT">BK</controlfield></record>]]></value></md><md shared="false"><mid>2089809</mid><description xsi:nil="true" xmlns:xsi="http://www.w3.org/2001/XMLSchema-instance"/><name>technical</name><type>text_md</type><value><![CDATA[<?xml version="1.0" encoding="UTF-8"?>
<textmd:textMD xmlns:textmd="http://www.loc.gov/METS/" xmlns:jhove="http://hul.harvard.edu/ois/xml/ns/jhove" xmlns:xsi="http://www.w3.org/2001/XMLSchema-instance" xmlns="http://www.loc.gov/METS/" xsi:schemaLocation="http://www.loc.gov/METS http://dlib.nyu.edu/METS/textmd.xsd">
<textmd:encoding QUALITY="1">
<textmd:encoding_software/>
<textmd:encoding_platform linebreak=""/>
<textmd:encoding_software/>
<textmd:encoding_agent role=""/>
</textmd:encoding>
<textmd:character_info>
<textmd:charset/>
<textmd:byte_order/>
<textmd:character_size encoding=""/>
<textmd:linebreak/>
</textmd:character_info>
<textmd:language/>
<textmd:alt_language authority=""/>
<textmd:font_script/>
<textmd:markup_basis version=""/>
<textmd:markup_language version=""/>
<textmd:processingNote/>
<textmd:printRequirements/>
<textmd:textNote/>
<textmd:viewingRequirements/>
<textmd:file>
<textmd:fileSize>282883</textmd:fileSize>
<textmd:checksum>
<textmd:checksumMethod>CRC32</textmd:checksumMethod>
<textmd:checksumValue>fdd610b3</textmd:checksumValue>
</textmd:checksum>
<textmd:checksum>
<textmd:checksumMethod>MD5</textmd:checksumMethod>
<textmd:checksumValue>443b4e39d5775bdbd415131f74b45ab9</textmd:checksumValue>
</textmd:checksum>
<textmd:checksum>
<textmd:checksumMethod>SHA-1</textmd:checksumMethod>
<textmd:checksumValue>b15f68f8df1aff61bb2ddbe38e1a47573460a378</textmd:checksumValue>
</textmd:checksum>
<textmd:mimeType>application/pdf</textmd:mimeType>
<textmd:extension/>
</textmd:file>
</textmd:textMD>
]]></value></md><md shared="false"><mid>265180</mid><description xsi:nil="true" xmlns:xsi="http://www.w3.org/2001/XMLSchema-instance"/><name>changehistory</name><type>changehistory_md</type><value><![CDATA[<xb:history xmlns:xb="http://com/exlibris/digitool/repository/api/xmlbeans"><events><event xmlID="1"><eventIdentifier><eventIdentifierType>INGEST ID</eventIdentifierType><eventIdentifierValue>ing5382</eventIdentifierValue></eventIdentifier><eventType>Technical Metadata Extraction</eventType><eventDateTime>2010-08-16T15:26:19.428+02:00</eventDateTime><eventDetail>Add some metadata to the digital entity using jhove</eventDetail><linkingAgentIdentifier><linkingAgentIdentifierType>software_used</linkingAgentIdentifierType><linkingAgentIdentifierValue>JHove</linkingAgentIdentifierValue></linkingAgentIdentifier></event><event xmlID="2"><eventIdentifier><eventIdentifierType>INGEST ID</eventIdentifierType><eventIdentifierValue>ing5382</eventIdentifierValue></eventIdentifier><eventType>Full Text Extraction</eventType><eventDateTime>2010-08-16T15:34:03.234+02:00</eventDateTime><eventDetail>Making a html index file from pdf file</eventDetail><linkingAgentIdentifier><linkingAgentIdentifierType>software_used</linkingAgentIdentifierType><linkingAgentIdentifierValue>pdftotext</linkingAgentIdentifierValue></linkingAgentIdentifier></event></events></xb:history>]]></value></md></mds><relations><relation><type>manifestation</type><pid>135546</pid></relation><relation><type>manifestation</type><pid>531222</pid></relation></relations><stream_ref><file_name>135103_ren_BP14.pdf</file_name><file_extension>pdf</file_extension><mime_type>application/pdf</mime_type><directory_path>/exlibris/dtl/j3_1/digitool/home/system/bin/../../profile/storage/2010/08/16/file_4/135103</directory_path><file_id xsi:nil="true" xmlns:xsi="http://www.w3.org/2001/XMLSchema-instance"/><storage_id>1000</storage_id><external_type>-1</external_type><file_size_bytes>282883</file_size_bytes></stream_ref></xb:digital_entity></xb:digital_entity_call>